@ARTICLE{Rost2014vh,
  title    = {OpenSWATH enables automated, targeted analysis of
              data-independent acquisition MS data},
  author   =  {Hannes L Röst and  George Rosenberger and Pedro Navarro and
              Ludovic Gillet and Saša M Miladinović and Olga T Schubert
	      and Witold Wolski and Ben C Collins and Johan Malmström
	      and Lars Malmström and Ruedi Aebersold},
  journal  = {Nat. Biotechnol.},
  volume   =  {32},
  number   =  {3},
  pages    = "219--223",
  month    =  {mar},
  year     =  {2014},
}

@Manual{anderson2015,
  title = {Exhumation by debris flows in the 2013 Colorado Front Range storm},
  author = { S.W. Anderson and S.P. Anderson and R.S Anderson},
  journal = {Geology},
  year = {2015},
  pages = {31,94},
  url = {https://www.R-project.org/},
}
